@Book{Resnick:03,
  author =	 {R. Resnick and D. Halliday and K. S. Krane},
  title = 	 {Fisica},
  publisher = 	 {Casa Editrice Ambrosiana},
  year = 	 2003,
  volume =	 1,
  address =	 {Milano}
}





@book{knoll:10,
      author         = "Knoll, G. F.",
      title          = "{Radiation Detection and Measurement}",

      publisher      = "John Wiley \& Sons, Inc.",
      address        = "New York, NY",
      year           = "2010",
      SLACcitation   = "%%CITATION = INSPIRE-250003;%%"
}

@book{satchler:87,
      author         = "Satchler, G. R.",
      title          = "{Direct Nuclear Reaction}",
      journal        = "Oxford, Uk: Clarendon ( 1983) 833 P. ( International
                        Series Of Monographs On Physics, 68)",
      publisher      = "Clarendon Press",
      address        = "Oxford, UK",
      year           = "1987",
      SLACcitation   = "%%CITATION = INSPIRE-250003;%%"
}



@book{superfish:87,
      author         = "Los Alamos",
      title          = "{User's Guide for the POISSON/SUPERFISH group of
                        codes}",
      doi            = "10.2172/10140823",
      publisher      = "Los Alamos National Laboratory",
      address        = "Los Alamos, NM",
      year           = "1987",
      reportNumber   = "LA-UR-87-115",
      SLACcitation   = "%%CITATION = LA-UR-87-115;%%"
}





@article{cappuzzello:epja18,
      author         = "Cappuzzello, F. and others",
      title          = "{The NUMEN project: NUclear Matrix Elements for
                        Neutrinoless double beta decay}",
      journal        = "Eur. Phys. J. A",
      volume         = "54",
      year           = "2018",
      number         = "5",
      pages          = "72",
      doi            = "10.1140/epja/i2018-12509-3",
      eprint         = "1811.08693",
      archivePrefix  = "arXiv",
      primaryClass   = "nucl-ex",
      SLACcitation   = "%%CITATION = ARXIV:1811.08693;%%"
}



@article{kajita:ijmpa09,
author = {Kajita, T.},
title = {NEUTRINO OSCILLATIONS: DISCOVERY, CURRENT STATUS, FUTURE DIRECTIONS},
journal = {Int. J. Mod. Phys. A},
volume = {24},
number = {18n19},
year = {2009},
pages = "3437-3446",
doi = {10.1142/S0217751X0904703X},
URL = { https://doi.org/10.1142/S0217751X0904703X},
eprint = { https://doi.org/10.1142/S0217751X0904703X},
}

@article{fukuda:prl98,
      author         = "Fukuda, Y. and others",
      title          = "{Evidence for oscillation of atmospheric neutrinos}",
      collaboration  = "Super-Kamiokande",
      journal        = "Phys. Rev. Lett.",
      volume         = "81",
      year           = "1998",
      pages          = "1562-1567",
      doi            = "10.1103/PhysRevLett.81.1562",
      eprint         = "hep-ex/9807003",
      archivePrefix  = "arXiv",
      primaryClass   = "hep-ex",
      reportNumber   = "BU-98-17, ICRR-REPORT-422-98-18, UCI-98-8,
                        KEK-PREPRINT-98-95, LSU-HEPA-5-98, UMD-98-003, SBHEP-98-5,
                        TKU-PAP-98-06, TIT-HPE-98-09",
      SLACcitation   = "%%CITATION = HEP-EX/9807003;%%"
}



@article{ahmad:prl01,
      author         = "Ahmad, Q. R. and others",
      title          = "{Measurement of the rate of $\nu_e+d \to p+p+e^-$
                        interactions produced by $^8B$ solar neutrinos at the
                        Sudbury Neutrino Observatory}",
      collaboration  = "SNO",
      journal        = "Phys. Rev. Lett.",
      volume         = "87",
      year           = "2001",
      pages          = "071301",
      doi            = "10.1103/PhysRevLett.87.071301",
      eprint         = "nucl-ex/0106015",
      archivePrefix  = "arXiv",
      primaryClass   = "nucl-ex",
      reportNumber   = "UPR-0240E",
      SLACcitation   = "%%CITATION = NUCL-EX/0106015;%%"
}



@article{maki:ptp62,
      author         = "Maki, Z. and Nakagawa, M. and Sakata, S.",
      title          = "{Remarks on the unified model of elementary particles}",
      journal        = "Prog. Theor. Phys.",
      volume         = "28",
      year           = "1962",
      pages          = "870-880",
      doi            = "10.1143/PTP.28.870",
      note           = "[,34(1962)]",
      SLACcitation   = "%%CITATION = PTPKA,28,870;%%"
}



@article{furry:pr39,
      author         = "Furry, W. H.",
      title          = "{On transition probabilities in double
                        beta-disintegration}",
      journal        = "Phys. Rev.",
      volume         = "56",
      year           = "1939",
      pages          = "1184-1193",
      doi            = "10.1103/PhysRev.56.1184",
      SLACcitation   = "%%CITATION = PHRVA,56,1184;%%"
}


@article{goeppert-mayer:pr35,
  title = {Double Beta-Disintegration},
  author = {Goeppert-Mayer, M.},
  journal = {Phys. Rev.},
  volume = {48},
  issue = {6},
  pages = {512--516},
  numpages = {0},
  year = {1935},
  month = {Sep},
  publisher = {American Physical Society},
  doi = {10.1103/PhysRev.48.512},
  url = {https://link.aps.org/doi/10.1103/PhysRev.48.512}
}

@article{majorana:nc37,
      author         = "Majorana, E.",
      title          = "{Teoria simmetrica dell’elettrone e del positrone}",
      journal        = "Nuovo Cim.",
      volume         = "14",
      year           = "1937",
      pages          = "171-184",
      doi            = "10.1007/BF02961314",
      reportNumber   = "RX-888",
      SLACcitation   = "%%CITATION = NUCIA,14,171;%%"
}


@article{pirro:epja06,
      author         = "Pirro, S.",
      title          = "{Prospects in double beta decay searches}",
      booktitle      = "{Proceedings, 2nd International Conference on Nuclear
                        Physics in Astrophysics: Debrecen, Hungary, May 16-20,
                        2005}",
      journal        = "Eur. Phys. J. A",
      volume         = "27",
      year           = "2006",
      number         = "S1",
      pages          = "25-34",
      doi            = "10.1140/epja/i2006-08-003-0, 10.1007/3-540-32843-2_3",
      %note           = "[,25(2006)]",%
      SLACcitation   = "%%CITATION = EPHJA,A27,25;%%"
}


@article{vergados:ijmpe16,
      author         = "Vergados, J. D. and Ejiri, H. and Šimkovic, F.",
      title          = "{Neutrinoless double beta decay and neutrino mass}",
      journal        = "Int. J. Mod. Phys. E",
      volume         = "25",
      year           = "2016",
      number         = "11",
      pages          = "1630007",
      doi            = "10.1142/S0218301316300071",
      eprint         = "1612.02924",
      archivePrefix  = "arXiv",
      primaryClass   = "hep-ph",
      SLACcitation   = "%%CITATION = ARXIV:1612.02924;%%"
}


@article{agostini:prl18,
      author         = "Agostini, M. and others",
      title          = "{Improved Limit on Neutrinoless Double-$\beta$ Decay of
                        $^{76}$Ge from GERDA Phase II}",
      collaboration  = "GERDA",
      journal        = "Phys. Rev. Lett.",
      volume         = "120",
      year           = "2018",
      number         = "13",
      pages          = "132503",
      doi            = "10.1103/PhysRevLett.120.132503",
      eprint         = "1803.11100",
      archivePrefix  = "arXiv",
      primaryClass   = "nucl-ex",
      SLACcitation   = "%%CITATION = ARXIV:1803.11100;%%"
}


@article{gando:prl16,
      author         = "Gando, A. and others",
      title          = "{Search for Majorana Neutrinos near the Inverted Mass
                        Hierarchy Region with KamLAND-Zen}",
      collaboration  = "KamLAND-Zen",
      journal        = "Phys. Rev. Lett.",
      volume         = "117",
      year           = "2016",
      number         = "8",
      pages          = "082503",
      doi            = "10.1103/PhysRevLett.117.109903,
                        10.1103/PhysRevLett.117.082503",
      %note           = "[Addendum: Phys. Rev. Lett.117,no.10,109903(2016)]",
      eprint         = "1605.02889",
      archivePrefix  = "arXiv",
      primaryClass   = "hep-ex",
      SLACcitation   = "%%CITATION = ARXIV:1605.02889;%%"
}



@article{barea:prc15,
      author         = "Barea, J. and Kotila, J. and Iachello, F.",
      title          = "{$0\nu\beta\beta$ and $2\nu\beta\beta$ nuclear matrix
                        elements in the interacting boson model with isospin
                        restoration}",
      journal        = "Phys. Rev. C",
      volume         = "91",
      year           = "2015",
      number         = "3",
      pages          = "034304",
      doi            = "10.1103/PhysRevC.91.034304",
      eprint         = "1506.08530",
      archivePrefix  = "arXiv",
      primaryClass   = "nucl-th",
      SLACcitation   = "%%CITATION = ARXIV:1506.08530;%%"
}


@article{barea:prc13,
      author         = "Barea, J. and Kotila, J. and Iachello, F.",
      title          = "{Nuclear matrix elements for double-$\beta$ decay}",
      journal        = "Phys. Rev. C",
      volume         = "87",
      year           = "2013",
      number         = "1",
      pages          = "014315",
      doi            = "10.1103/PhysRevC.87.014315",
      eprint         = "1301.4203",
      archivePrefix  = "arXiv",
      primaryClass   = "nucl-th",
      SLACcitation   = "%%CITATION = ARXIV:1301.4203;%%"
}


@article{barea:prl12,
      author         = "Barea, J. and Kotila, J. and Iachello, F.",
      title          = "{Limits on Neutrino Masses from Neutrinoless Double-beta
                        Decay}",
      journal        = "Phys. Rev. Lett.",
      volume         = "109",
      year           = "2012",
      pages          = "042501",
      doi            = "10.1103/PhysRevLett.109.042501",
      eprint         = "1506.08533",
      archivePrefix  = "arXiv",
      primaryClass   = "nucl-th",
      SLACcitation   = "%%CITATION = ARXIV:1506.08533;%%"
}



@article{simkovic:prc13,
      author         = "Šimkovic, F. and Rodin, V. and Faessler, A. and
                        Vogel, P.",
      title          = "{0νββ and 2νββ nuclear matrix elements,
                        quasiparticle random-phase approximation, and isospin
                        symmetry restoration}",
      journal        = "Phys. Rev. C",
      volume         = "87",
      year           = "2013",
      number         = "4",
      pages          = "045501",
      doi            = "10.1103/PhysRevC.87.045501",
      eprint         = "1302.1509",
      archivePrefix  = "arXiv",
      primaryClass   = "nucl-th",
      reportNumber   = "CALT-68-2909",
      SLACcitation   = "%%CITATION = ARXIV:1302.1509;%%"
}



@article{menendez:npa08,
      author         = "Menendez, J. and Poves, A. and Caurier, E. and Nowacki,
                        F.",
      title          = "{Disassembling the Nuclear Matrix Elements of the
                        Neutrinoless beta beta Decay}",
      journal        = "Nucl. Phys. A",
      volume         = "818",
      year           = "2009",
      pages          = "139-151",
      doi            = "10.1016/j.nuclphysa.2008.12.005",
      eprint         = "0801.3760",
      archivePrefix  = "arXiv",
      primaryClass   = "nucl-th",
      SLACcitation   = "%%CITATION = ARXIV:0801.3760;%%"
}


@article{taddeucci:npa87,
      author         = "Taddeucci, T. N. and Goulding, C. A. and Carey, T. A. and
                        Byrd, R. C. and Goodman, C. D. and Gaarde, C. and Larsen,
                        J. and Horen, D. and Rapaport, J. and Sugarbaker, E.",
      title          = "{The (p, n) reaction as a probe of beta decay strength}",
      journal        = "Nucl. Phys. A",
      volume         = "469",
      year           = "1987",
      pages          = "125-172",
      doi            = "10.1016/0375-9474(87)90089-3",
      SLACcitation   = "%%CITATION = NUPHA,A469,125;%%"
}





@article{puppe:prc11,
  title = {High-resolution (${}^{3}$He,$t$) reaction on the double-$\ensuremath{\beta}$ decaying nucleus ${}^{136}$Xe},
  author = {Puppe, P. and others},
  journal = {Phys. Rev. C},
  volume = {84},
  issue = {5},
  pages = {051305},
  numpages = {5},
  year = {2011},
  month = {Nov},
  publisher = {American Physical Society},
  doi = {10.1103/PhysRevC.84.051305},
  url = {https://link.aps.org/doi/10.1103/PhysRevC.84.051305}
}



@article{agostinelli:nima02,
      author         = "Agostinelli, S. and others",
      title          = "{Geant4-a simulation toolkit}",
      collaboration  = "GEANT4",
      journal        = "Nucl. Instrum. Meth. A",
      volume         = "506",
      year           = "2003",
      pages          = "250-303",
      doi            = "10.1016/S0168-9002(03)01368-8",
      reportNumber   = "SLAC-PUB-9350, FERMILAB-PUB-03-339",
      SLACcitation   = "%%CITATION = NUIMA,A506,250;%%"
}



@article{allison:nima16,
      author         = "Allison, J. and others",
      title          = "{Recent developments in Geant4}",
      journal        = "Nucl. Instrum. Meth. A",
      volume         = "835",
      year           = "2016",
      pages          = "186-225",
      doi            = "10.1016/j.nima.2016.06.125",
      reportNumber   = "FERMILAB-PUB-16-447-CD",
      SLACcitation   = "%%CITATION = NUIMA,A835,186;%%"
}



@article{allison:ieeetns06,
      author         = "Allison, J. and others",
      title          = "{Geant4 developments and applications}",
      journal        = "IEEE Trans. Nucl. Sci.",
      volume         = "53",
      year           = "2006",
      pages          = "270",
      doi            = "10.1109/TNS.2006.869826",
      reportNumber   = "SLAC-PUB-11870",
      SLACcitation   = "%%CITATION = IETNA,53,270;%%"
}



@article{tudisco:sensors18,
      author         = "Tudisco, S. and others",
      title          = "{SiCILIA—Silicon Carbide Detectors for Intense
                        Luminosity Investigations and Applications}",
      journal        = "Sensors",
      volume         = "18",
      year           = "2018",
      number         = "7",
      pages          = "2289",
      doi            = "10.3390/s18072289",
      SLACcitation   = "%%CITATION = INSPIRE-1688287;%%"
}




@article{cappuzzello:epja16,
      author         = "Cappuzzello, F. and others",
      title          = "{The MAGNEX spectrometer: results and perspectives}",
      journal        = "Eur. Phys. J. A",
      volume         = "52",
      year           = "2016",
      number         = "6",
      pages          = "167",
      doi            = "10.1140/epja/i2016-16167-1",
      eprint         = "1606.06731",
      archivePrefix  = "arXiv",
      primaryClass   = "physics.ins-det",
      SLACcitation   = "%%CITATION = ARXIV:1606.06731;%%"
}




@article{cunsolo:epjst07,
      author         = "Cunsolo, A. and others",
      title          = "{Commissioning of the MAGNEX large-acceptance
                        spectrometer}",
      journal        = "Eur. Phys. J. ST",
      volume         = "150",
      year           = "2007",
      number         = "1",
      pages          = "343-346",
      doi            = "10.1140/epjst/e2007-00341-2",
      SLACcitation   = "%%CITATION = 00619,150,343;%%"
}



@article{pereira:plb12,
      author         = "Pereira, D. and others",
      title          = "{Nuclear rainbow in the $^{16}$O $+ ^{27}$AL system: The
                        role of couplings at energies far above the barrier}",
      journal        = "Phys. Lett. B",
      volume         = "710",
      year           = "2012",
      pages          = "426-429",
      doi            = "10.1016/j.physletb.2012.03.032",
      SLACcitation   = "%%CITATION = PHLTA,B710,426;%%"
}



@article{oliveira:jpg13,
	author = {Oliveira, J.R.B. and others},
	title = {Study of the rainbow-like pattern in the elastic scattering of16O on27Al {atElab}.= 100 {MeV}},
	journal = {J. Phys. G},
	volume = {40},
	year = 2013,
	pages = {105101},
	number = {10},
	doi = {10.1088/0954-3899/40/10/105101},
	%url = {https://doi.org/10.1088%2F0954-3899%2F40%2F10%2F105101},
	month = {aug},
	publisher = {{IOP} Publishing},
	abstract = {Recently, a rainbow pattern in the elastic scattering of 16O + 27Al at Elab. = 100 MeV was reported. In the present paper, we show that the predicted change of slope of the cross section, as a function of angle, is mostly due to the far-side component of the scattering, which is affected by the inelastic couplings. The experimental data is consistent with the calculations up to the inflection point, where the effect of the couplings is significant. New experimental data, in very good agreement with the theoretical expectations around the Coulomb rainbow angle, are also presented.}
}



@article{cunsolo:nima01,
      author         = "Cunsolo, A. and others",
      title          = "{Ion optics for large-acceptance magnetic spectrometers:
                        Application to the MAGNEX spectrometer}",
      journal        = "Nucl. Instrum. Meth. A",
      volume         = "484",
      year           = "2002",
      pages          = "56-83",
      doi            = "10.1016/S0168-9002(01)02004-6",
      SLACcitation   = "%%CITATION = NUIMA,A484,56;%%"
}



@article{cavallaro:epja12,
	author = {Cavallaro, M. and others},
	title = {The low-pressure focal plane detector of the MAGNEX spectrometer},
	DOI= "10.1140/epja/i2012-12059-8",
	url= "https://doi.org/10.1140/epja/i2012-12059-8",
	journal = {Eur. Phys. J. A},
	year = 2012,
	volume = 48,
	number = 5,
	pages = "59",
	month = "",
}

@article{carbone:epja12,
	author="Carbone, D. and others",
	title="Universal algorithm for the analysis of charge distributions in segmented electrodes of gas detectors",
	journal="Eur. Phys. J. A",
	year="2012",
	month="May",
	day="02",
	volume="48",
	number="5",
	pages="60",
	issn="1434-601X",
	doi="10.1140/epja/i2012-12060-3",
	url="https://doi.org/10.1140/epja/i2012-12060-3"
}



@article{cortesi:rsi17,
      author         = "Cortesi, M. and others",
      title          = "{Multi-layer thick gas electron multiplier (M-THGEM): A
                        new MPGD structure for high-gain operation at
                        low-pressure}",
      journal        = "Rev. Sci. Instrum.",
      volume         = "88",
      year           = "2017",
      number         = "1",
      pages          = "013303",
      doi            = "10.1063/1.4974333",
      eprint         = "1606.07314",
      archivePrefix  = "arXiv",
      primaryClass   = "physics.ins-det",
      SLACcitation   = "%%CITATION = ARXIV:1606.07314;%%"
}



@article{raciti:npa10,
      author         = "Raciti, G. and others",
      title          = "{Detection Properties and Radiation Damage Effects in SiC
                        Diodes Irradiated with Light Ions}",
      journal        = "Nucl. Phys. A",
      volume         = "834",
      year           = "2010",
      pages          = "784c-787c",
      doi            = "10.1016/j.nuclphysa.2010.01.146",
      SLACcitation   = "%%CITATION = NUPHA,A834,784c;%%"
}



@article{beylin:nima04,
      author         = "Beylin, D. M. and others",
      title          = "{Study of the radiation hardness of CsI(Tl) scintillation
                        crystals}",
      journal        = "Nucl. Instrum. Meth. A",
      volume         = "541",
      year           = "2005",
      pages          = "501-515",
      doi            = "10.1016/j.nima.2004.11.023",
      eprint         = "physics/0403136",
      archivePrefix  = "arXiv",
      primaryClass   = "physics",
      reportNumber   = "BUDKER-INP-2003-25",
      SLACcitation   = "%%CITATION = PHYSICS/0403136;%%"
}



@article{miersch:nima96,
title = "Fast scintillators as radiation resistant heavy-ion detectors",
journal = "Nuclear Instruments and Methods in Physics Research Section A: Accelerators, Spectrometers, Detectors and Associated Equipment",
volume = "369",
number = "1",
pages = "277 - 283",
year = "1996",
issn = "0168-9002",
doi = "https://doi.org/10.1016/0168-9002(95)00785-7",
url = "http://www.sciencedirect.com/science/article/pii/0168900295007857",
author = "G. Miersch and D. Habs and J. Kenntner and D. Schwalm and A. Wolf",
abstract = "Three promising scintillation materials, namely GSO(Ce), YAP(Ce), and CsI (pure), were investigated under 50MeV 12C and 100MeV 32S heavy-ion irradiation. The radiation resistance, light output and time structure of the scintillation were measured. The measurements were complemented by studies of the transmittance and thermoluminescence of the irradiated crystals. GSO(Ce) and CsI(pure) show an excellent radiation resistance together with a high light output. Maintaining a time resolution in the nanosecond regime, their applicability for heavy-ion detection with accumulated doses up to 5 × 1013 ions/cm2 was demonstrated. This enables their continuous operation in counting applications with high average ion rates occurring, e.g., at heavy-ion storage rings. A CsI(pure) scintillation detector realized on the basis of these measurements for electron-ion recombination experiments at the Heidelberg heavy-ion storage ring TSR is described."
}


@article{zhu:nima98,
      author         = "Zhu, R. Y.",
      title          = "{Radiation Damage in Scintillating Crystals}",
      journal        = "Nucl. Instrum. Meth. A",
      volume         = "413",
      year           = "1998",
      pages          = "297-311",
      doi            = "10.1016/S0168-9002(98)00498-7",
      reportNumber   = "CMS-NOTE-1998-007, CERN-CMS-NOTE-1998-007",
      SLACcitation   = "%%CITATION = NUIMA,A413,297;%%"
}





@article{degeronimo:ieee13,
	author         = "De Geronimo, G. and Fried, J. and Li, S.
	and others",
	title          = "{VMM1 - An ASIC for Micropattern Detectors}",
	journal        = "IEEE Trans. Nucl. Sci.",
	volume         = "60",
	year           = "2013",
	pages          = "2314-2321",
	doi            = "10.1109/TNS.2013.2258683",
	SLACcitation   = "%%CITATION = IETNA,60,2314;%%"
}



@INPROCEEDINGS{boiano:ieee08,
	author={C. {Boiano} and R. {Bassini} and F. {Camera} and B. {Million} and O. {Wieland} and A. {Giaz}},
	booktitle={2008 IEEE Nuclear Science Symposium Conference Record},
	title={A 16 channel NIM module for a complete processing of fast scintillator signals},
	year={2008},
	publisher={IEEE},
	address={Dresden, Germany},
	volume={},
	number={},
	pages={2068-2070},
	keywords={Signal processing;Circuits;Computational fluid dynamics;Cameras;Barium;Energy measurement;Connectors;Logic;Solid scintillation detectors;Pulse shaping methods},
	doi={10.1109/NSSMIC.2008.4774893},
	ISSN={1082-3654},
	month={Oct},}


@misc{national_instruments,
	title = {National Instruments},
	howpublished = {\url{www.ni.com}},
	note = {Accessed: 2019-06-09}
}



@article{steinbauer:nimb94,
	title = "Energy resolution of silicon detectors: approaching the physical limit",
	journal = "Nucl. Instrum. Meth. B",
	volume = "85",
	number = "1",
	pages = "642 - 649",
	year = "1994",
	issn = "0168-583X",
	doi = "https://doi.org/10.1016/0168-583X(94)95898-X",
	url = "http://www.sciencedirect.com/science/article/pii/0168583X9495898X",
	author = "E. Steinbauer and others",
}



@article{garcialopez:nimb16,
	title = "Comparative study by IBIC of Si and SiC diodes irradiated with high energy protons",
	journal = "Nucl. Instrum. Meth. B",
	volume = "372",
	pages = "143 - 150",
	year = "2016",
	issn = "0168-583X",
	doi = "https://doi.org/10.1016/j.nimb.2015.12.029",
	url = "http://www.sciencedirect.com/science/article/pii/S0168583X15012756",
	author = "J. Garcia Lopez and others",
}


@article{nava:nima03,
	author         = "Nava, F. and Vittone, E. and Vanni, P. and Verzellesi, G.
	and Fuochi, P. G. and Lanzieri, C. and Glaser, M.",
	title          = "{Radiation tolerance of epitaxial silicon carbide
	detectors for electrons, protons and gamma-rays}",
	journal        = "Nucl. Instrum. Meth. A",
	volume         = "505",
	year           = "2003",
	pages          = "645-655",
	doi            = "10.1016/S0168-9002(02)01558-9",
	SLACcitation   = "%%CITATION = NUIMA,A505,645;%%"
}




@article{metropolis:jasa49,
	author = { N.   Metropolis  and  S.   Ulam },
	title = {The Monte Carlo Method},
	journal = {J. Am. Stat. Assoc.},
	volume = {44},
	number = {247},
	pages = {335-341},
	year  = {1949},
	publisher = {Taylor & Francis},
	doi = {10.1080/01621459.1949.10483310},
	%note ={PMID: 18139350},
	
	URL = { 
	https://www.tandfonline.com/doi/abs/10.1080/01621459.1949.10483310
	
	},
	eprint = { 
	https://www.tandfonline.com/doi/pdf/10.1080/01621459.1949.10483310
	
	}
	
}





@article{brun:nima97,
	author         = "Brun, R. and Rademakers, F.",
	title          = "{ROOT: An object oriented data analysis framework}",
	booktitle      = "{New computing techniques in physics research V.
	Proceedings, 5th International Workshop, AIHENP '96,
	Lausanne, Switzerland, September 2-6, 1996}",
	journal        = "Nucl. Instrum. Meth. A",
	volume         = "389",
	year           = "1997",
	pages          = "81-86",
	doi            = "10.1016/S0168-9002(97)00048-X",
	SLACcitation   = "%%CITATION = NUIMA,A389,81;%%"
}





